@manual{MAC01,
    organization = {Apple Inc.},
    year = {2011},
    url = {http://developer.apple.com/technologies/mac/},
    title = {Develop for OS X},
}

@techreport{STD04,
    title = {Internet Assigned Numbers Authority, Port Numbers},
    year = {2011},
    url = {http://www.iana.org/assignments/port-numbers},
    author = {IANA},
    institution = {IANA},
}

@manual{GNU01,
    title = {Autoconf},
    organization = {Free Software Foundation, Inc.},
    year = {2010},
    url = {http://www.gnu.org/s/hello/manual/autoconf/Libraries.html},
}

@manual{THP01,
    organization = {Microsoft},
    title = {How to: Use a Thread Pool (C\# Programming Guide)},
    year = {2011},
    url = {http://msdn.microsoft.com/en-us/library/3dasc8as(v=vs.80).aspx},
}

@misc{KER03,
    title = {malloc},
    url = {http://linux.die.net/man/3/malloc},
    author = {Linux Foundation},
}

@techreport{KER04,
    title = {rename},
    author = {The Open Group},
    institution = {The Open Group},
    year = {2004},
    url = {http://pubs.opengroup.org/onlinepubs/009695399/functions/rename.html},
}

@article{KER01,
    author = {Richard E. Gooch},
    year = {2009},
    url = {http://www.kernel.org/pub/linux/docs/lkml/\#s15-5},
}

@manual{LIBC01,
    title = {strtok\_r},
    organization = {The Open Group},
    year = {2001},
    url = {http://pubs.opengroup.org/onlinepubs/009695399/functions/strtok\_r.html},
}

@manual{STD01,
    organization = {The Internet Society},
    title = {Compatibility with Previous Versions},
    year = {1999},
    url = {http://tools.ietf.org/html/rfc2616\#section-19.6},
}

@manual{LIBC02,
    title = {sleep},
    organization = {The Open Group},
    year = {2001},
    url = {http://pubs.opengroup.org/onlinepubs/009695399/functions/sleep.html},
}

@manual{LIBC03,
    title = {sigprocmask},
    organization = {The Open Group},
    year = {2001},
    url = {http://pubs.opengroup.org/onlinepubs/009695399/functions/sigprocmask.html},
}

@manual{LIBC04,
    title = {pthread\_mutex\_unlock},
    organization = {The Open Group},
    year = {2001},
    url = {http://pubs.opengroup.org/onlinepubs/009695399/functions/pthread\_mutex\_unlock.html},
}

@manual{COMP01,
    organization = {Sun Microsystems},
    title = {Thread Local Storage support in Sun Studio compilers for x86/64},
    year = {2003},
    url = {http://blogs.oracle.com/x86be/entry/thread\_local\_storage\_support\_in},
}

@manual{COMP02,
    title = {Extensions for GNU C compatibility},
    organization = {IBM},
    year = {2006},
    url = {http://publib.boulder.ibm.com/infocenter/compbgpl/v9v111/index.jsp?topic=/com.ibm.xlcpp9.bg.doc/language\_ref/gcc\_cext.htm},
}

@manual{COMP03,
    title = {Thread local storage},
    organization = {Free Software Foundation},
    year = {2006},
    url = {http://gcc.gnu.org/onlinedocs/gcc-3.3.1/gcc/Thread-Local.html},
}

@manual{COMP04,
    organization = {Apple Inc.},
    year = {2010},
    url = {http://clang.llvm.org/docs/UsersManual.html},
    title = {Clang user manual},
}

@article{COMP05,
    author = {Ulrich Drepper},
    title = {ELF Handling For Thread-Local Storage},
    year = {2005},
    url = {http://www.akkadia.org/drepper/tls.pdf},
}

@manual{COMP06,
    organization = {Apple Inc.},
    title = {Mac OS X ABI Mach-O File Format Reference},
    year = {2010},
    url = {http://developer.apple.com/library/mac/\#documentation/DeveloperTools/Conceptual/MachORuntime/Reference/reference.html},
}

@manual{LIBC05,
    organization = {The Open Group},
    year = {2001},
    url = {http://pubs.opengroup.org/onlinepubs/009695399/functions/pthread\_setspecific.html},
    title = {pthread\_setspecific},
}

@manual{LIBC06,
    organization = {The Open Group},
    year = {2001},
    url = {http://pubs.opengroup.org/onlinepubs/009695399/functions/strtok.html},
    title = {strtok},
}

@manual{LIBC07,
    author = {Free Software Foundation},
    title = {Getopt-Long options},
    year = {2007},
    url = {http://www.gnu.org/s/hello/manual/libc/Getopt-Long-Options.html},
}

@manual{LIBC08,
    organization = {The Open Group},
    year = {2001},
    url = {http://pubs.opengroup.org/onlinepubs/000095399/basedefs/netinet/in.h.html},
    title = {Internet address family}

}

@manual{LIBC09,
    organization = {The Open Group},
    year = {2001},
    url = {http://pubs.opengroup.org/onlinepubs/009695399/functions/getnameinfo.html},
    title = {getnameinfo},
}

@manual{KER02,
    organization = {OpenBSD},
    year = {2009},
    url = {http://www.openbsd.org/cgi-bin/man.cgi?query=inet6\&apropos=0\&sektion=0\&manpath=OpenBSD+Current\&arch=i386\&format=html\#PROTOCOLS},
    title = {OpenBSD INET6},
}

@manual{LSB02,
    organization = {FreeBSD},
    year = {2001},
    url = {http://www.freebsd.org/cgi/man.cgi?query=inetd},
    title = {inetd},
}

@techreport{STD02,
    author = {The IETF Trust},
    institution = {The IETF Trust},
    year = {2007},
    url = {http://tools.ietf.org/html/rfc4918\#section-6},
    title = {HTTP Extensions for Web Distributed Authoring and Versioning - Locking},
}

@techreport{STD03,
    author = {The IETF Trust},
    institution = {The IETF Trust},
    year = {2007},
    url = {http://tools.ietf.org/html/rfc4918\#section-9.1},
    title = {HTTP Extensions for Web Distributed Authoring and Versioning - PROPFIND},
}

@misc{BUG02,
    author = {Salvatore Tomaselli},
    title = {Nautilus takes two actions when creating directories on WebDAV share},
    year = {2009},
    url = {https://bugs.launchpad.net/ubuntu/+source/nautilus/+bug/483454},
}

@manual{LIBC10,
    organization = {The Open Group},
    year = {2001},
    url = {http://pubs.opengroup.org/onlinepubs/009695399/functions/stat.html},
    title = {stat},
}

@manual{LIBC11,
    organization = {The Open Group},
    year = {2001},
    url = {http://pubs.opengroup.org/onlinepubs/009695399/basedefs/sys/stat.h.html},
    title = {stat.h},
}

@manual{LIBC12,
    organization = {The Open Group},
    year = {2001},
    url = {http://pubs.opengroup.org/onlinepubs/009695399/basedefs/xbd\_chap04.html\#tag\_04\_07},
    title = {File Times Update},
}

@manual{COMP07,
    organization = {Intel Corporation},
    title = {How Intel{\textregistered} C++ Compiler Attributes Signedness to enum Bit Fields},
    year = {2010},
    url = {http://software.intel.com/en-us/articles/intel-c-compiler-attributes-signedness-to-enum-bit-fields/},
}

@misc{BUG01,
    author = {Secunia},
    year = {2010},
    url = {http://secunia.com/advisories/41286},
    title = {Secunia Advisory SA41286},
}

@manual{QT01,
    author = {Nokia Corporation},
    title = {Threading Basics},
    year = {2011},
    url = {http://doc.qt.nokia.com/4.7-snapshot/thread-basics.html\#gui-thread-and-worker-thread},
}

@techreport{LSB01,
    institution = {Free Standards Group},
    author = {Free Standards Group},
    year = {2005},
    url = {http://refspecs.freestandards.org/LSB\_3.1.0/LSB-Core-generic/LSB-Core-generic/tocsysinit.html},
}

@misc{LSB03,
    author = {Debian},
    url = {http://packages.debian.org/sid/rsyslog},
    title = {rsyslog},
}

@misc{LSB04,
    author = {Debian},
    year = {2011},
    url = {http://packages.debian.org/source/sid/weborf},
    title = {weborf},
}

@misc{LNK01,
    author = {Linux-Magazin},
    title = {Erschienen im Linux-Magazin 2011/06},
    url = {http://www.linux-magazin.de/Heft-Abo/Ausgaben/2011/06/Tooltipps},
}

@misc{LNK02,
    title = {Weborf package},
    year = {2011},
    url = {http://freetz.org/ticket/1333},
    author = {freetz},
}

@misc{LNK03,
    year = {2011},
    url = {http://mononeurona.org/entries/view/aarkerio/2360},
    title = {Weborf},
    author = {Manuel Montoya},
}

@misc{LNK04,
    year = {2011},
    url = {http://forum.zeusnews.com/viewtopic.php?p=524090},
    title = {ZeusNews Forum},
    author = {Various},
}
